<record><leader>00000cas a2200000 a 4500</leader><controlfield tag="001">11391459</controlfield><controlfield tag="008">841115d18341836pauwn ne      0    0eng d</controlfield><datafield ind1=" " ind2=" " tag="010"><subfield code="a">sn 84035948 </subfield></datafield><datafield ind1=" " ind2=" " tag="040"><subfield code="a">NYG</subfield><subfield code="b">eng</subfield><subfield code="c">NYG</subfield><subfield code="d">DLC</subfield><subfield code="d">NPX</subfield><subfield code="d">NJW</subfield><subfield code="d">MFN</subfield><subfield code="d">OCL</subfield><subfield code="d">KNP</subfield><subfield code="d">CNK</subfield><subfield code="d">OCL</subfield><subfield code="d">OCLCF</subfield><subfield code="d">OCLCO</subfield></datafield><datafield ind1=" " ind2=" " tag="019"><subfield code="a">2266869</subfield></datafield><datafield ind1=" " ind2=" " tag="042"><subfield code="a">msc</subfield></datafield><datafield ind1="0" ind2="0" tag="050"><subfield code="a">Newspaper 9439</subfield></datafield><datafield ind1="0" ind2=" " tag="130"><subfield code="a">Pennsylvania reporter and Democratic herald (Harrisburg, Pa. : 1834)</subfield></datafield><datafield ind1="0" ind2="4" tag="245"><subfield code="a">The Pennsylvania reporter and Democratic herald.</subfield></datafield><datafield ind1="0" ind2="0" tag="246"><subfield code="a">Penn. reporter and Democratic herald</subfield></datafield><datafield ind1=" " ind2=" " tag="260"><subfield code="a">Harrisburg, Pa. :</subfield><subfield code="b">Welsh and Patterson,</subfield></datafield><datafield ind1=" " ind2=" " tag="300"><subfield code="a">v.</subfield></datafield><datafield ind1=" " ind2=" " tag="310"><subfield code="a">Weekly (semiweekly during sessions of the state legislature)</subfield></datafield><datafield ind1="0" ind2=" " tag="362"><subfield code="a">Vol. 8, no. 1 (Dec. 2, 1834)-v. 9, no. 10 (Jan. 12, 1836).</subfield></datafield><datafield ind1=" " ind2=" " tag="530"><subfield code="a">Available on microfilm from Microfilm Corp. of Pa.</subfield></datafield><datafield ind1=" " ind2="0" tag="651"><subfield code="a">Harrisburg (Pa.)</subfield><subfield code="v">Newspapers.</subfield></datafield><datafield ind1=" " ind2="7" tag="655"><subfield code="a">Newspapers.</subfield><subfield code="2">fast</subfield><subfield code="0">(OCoLC)fst01423814</subfield></datafield><datafield ind1=" " ind2="7" tag="651"><subfield code="a">Pennsylvania</subfield><subfield code="z">Harrisburg.</subfield><subfield code="2">fast</subfield><subfield code="0">(OCoLC)fst01204725</subfield></datafield><datafield ind1=" " ind2=" " tag="752"><subfield code="a">United States</subfield><subfield code="b">Pennsylvania</subfield><subfield code="c">Dauphin</subfield><subfield code="d">Harrisburg.</subfield></datafield><datafield ind1="0" ind2="0" tag="780"><subfield code="t">Pennsylvania reporter (Harrisburg, Pa. : 1830)</subfield><subfield code="w">(DLC)sn 83032149</subfield></datafield><datafield ind1="0" ind2="7" tag="785"><subfield code="t">Democratic state journal</subfield><subfield code="w">(DLC)sn 84035952</subfield></datafield><datafield ind1="0" ind2="7" tag="785"><subfield code="t">Reporter and State journal</subfield><subfield code="w">(DLC)sn 84035985</subfield></datafield></record>